<?xml version="1.0" encoding="UTF-8"?><record xmlns="http://www.loc.gov/MARC21/slim" xmlns:cinclude="http://apache.org/cocoon/include/1.0" xmlns:zs="http://www.loc.gov/zing/srw/">
  <leader>00732cz  a2200205n  4500</leader>
  <controlfield tag="001">n  95121921 </controlfield>
  <controlfield tag="003">DLC</controlfield>
  <controlfield tag="005">20100517081316.0</controlfield>
  <controlfield tag="008">951222n| acannaabn          |a ana      </controlfield>
  <datafield tag="010" ind1=" " ind2=" ">
    <subfield code="a">n  95121921 </subfield>
  </datafield>
  <datafield tag="034" ind1=" " ind2=" ">
    <subfield code="d">E0084000</subfield>
    <subfield code="e">E0084000</subfield>
    <subfield code="f">N0501000</subfield>
    <subfield code="g">N0501000</subfield>
    <subfield code="2">other</subfield>
  </datafield>
  <datafield tag="035" ind1=" " ind2=" ">
    <subfield code="a">(OCoLC)oca03980091</subfield>
  </datafield>
  <datafield tag="040" ind1=" " ind2=" ">
    <subfield code="a">DLC</subfield>
    <subfield code="b">eng</subfield>
    <subfield code="c">DLC</subfield>
    <subfield code="d">OCoLC</subfield>
  </datafield>
  <datafield tag="043" ind1=" " ind2=" ">
    <subfield code="a">e-gx---</subfield>
  </datafield>
  <datafield tag="151" ind1=" " ind2=" ">
    <subfield code="a">Wiesbaden (Germany : Regierungsbezirk)</subfield>
  </datafield>
  <datafield tag="451" ind1=" " ind2=" ">
    <subfield code="w">nnaa</subfield>
    <subfield code="a">Wiesbaden (Regierungsbezirk)</subfield>
  </datafield>
  <datafield tag="670" ind1=" " ind2=" ">
    <subfield code="a">Umbruch in Hessen, 1991:</subfield>
    <subfield code="b">t.p. (Regierungsbezirk Wiesbaden)</subfield>
  </datafield>
  <datafield tag="670" ind1=" " ind2=" ">
    <subfield code="a">LC manual cat.</subfield>
    <subfield code="b">(hdg.: Wiesbaden (Regierungsbezirk))</subfield>
  </datafield>
  <datafield tag="670" ind1=" " ind2=" ">
    <subfield code="a">BGN gaz.</subfield>
    <subfield code="b">(Wiesbaden, Regierungsbezirk; ADMD, 50°10ʹN, 8°40ʹE, Hessen)</subfield>
  </datafield>
  <datafield tag="781" ind1=" " ind2="0">
    <subfield code="z">Germany</subfield>
    <subfield code="z">Wiesbaden (Regierungsbezirk)</subfield>
  </datafield>
</record>